@book{koza92,
		author    = "Koza, John R.",
		title     = "Genetic Programming: On the Programming of Computers by Means of Natural Selection",
		publisher = "MIT Press",
		year      = "1992"
}


@misc{ wiki:latex,
       author = "Wikipedia",
       title = "LaTeX --- Wikipedia{,} La enciclopedia libre",
       year = "2015",
       url = "https://es.wikipedia.org/w/index.php?title=LaTeX&oldid=84209252",
       note = "[Internet; descargado 30-septiembre-2015]"
}

@article{markiegi,
	title = {Integrando los {ODS} en el grado de {Ingeniería} {Informática}},
	volume = {8},
	abstract = {The new framework established by Royal Decree 822/2021 established that professionals coming out of universities must be able to lead transformations clearly aligned with the Sustainable Development Goals (SDGs).},
	language = {es},
	author = {Markiegi, Urtzi and Aldalur, Iñigo and Perez, Alain},
	file = {Markiegi et al. - Integrando los ODS en el grado de Ingeniería Infor.pdf:files/102/Markiegi et al. - Integrando los ODS en el grado de Ingeniería Infor.pdf:application/pdf},
}